@Misc{CaTeX, 
author="{san.com}",
title  =  "{CaTeX（軽鳥怪鳥）で快適 LaTeX ライフ in VS Code}",
  howpublished = "\url{https://konn-san.com/articles/2018-11-26-happy-latex-with-catex.html}"
  }
@Misc{ChkTeX, 
author="{\verb|@skikkh|}",
title  =  "{VS Codeで快適LaTeX環境を構築する方法}",
  howpublished = "\url{https://qiita.com/skikkh/items/707e8a5def368a69e9a6}"
  }
@Misc{cloudlatex, 
author="{\verb|アカリク|}",
title  =  "{Cloud LaTeX Extension for Visual Studio Code}",
howpublished = "\url{https://github.com/cloudlatex-team/cloudlatex-VSCode-extension/blob/main/docs/README_ja.md}"
  }
@Misc{cloudlatexの設定, 
author="{onigiri}",
title="{CloudLaTeXとVScode連携によって最強のTex環境を手に入れる}",
howpublished = "\url{https://nkgtt.hatenablog.jp/entry/2020/12/24/000000}"
}
@Misc{cloudlatexログインページ,
  howpublished = "\url{https://cloudlatex.io/ja}",
  title          = {Cloudlatex}
  }
  @Misc{cloudlatex利点と欠点, 
author="{Yarakashi-Kikohshi}",
title  =  "{VS Code で編集してCloud LaTeX でタイプセットする}",
  howpublished = "\url{https://gist.github.com/Yarakashi-Kikohshi/e554045b77d35bd132eb976034625023}"
  }
@Misc{cloudLaTeX連携, 
author="{\verb|mtk_birdman's blog|}",
title  =  "{【Windows】Visual Studio Code で Cloud LaTeX の実行環境を構築する（2022.02.16）}",
  howpublished = "\url{https://mtkbirdman.com/windows-visual-studio-code-cloud-latex-install}"
  }
@Misc{csv2tabular,
  howpublished = "\url{https://rra.yahansugi.com/scriptapplet/csv2tabular/}",
  title          = {csv2tabular}
  }
@Misc{csv2tabularの使い方,
  howpublished = "\url{https://hibikanblog.net/blog-entry-774.html}",
  title          = {TeXの表作成ジェネレーター（csv2tabular）を活用して表を作る方法}
  }
@Misc{GUIとCUI,
  howpublished = "\url{https://www.pc-master.jp/words/cui-gui.html}",
  title          = {CUIとGUI}
  }
@book{key,
  author         = {川崎庸市},
  publisher      = {マイナビ},
  title          = {Visual Studio Codeの教科書},
  year           = {2021}
}
@Misc{LaTeX+VSCodewiki, 
author="{TeX Wiki}",
title  =  "{Visual Studio Code/LaTeX}",
howpublished = "\url{https://texwiki.texjp.org/?Visual%20Studio%20Code%2FLaTeX#he95e080}"
  }
@Misc{LaTeXUtilities, 
author="{TsubasaTakeda}",
title  =  "{LaTeXをVS Codeで書く（初心者のレポート向け）}",
  howpublished = "\url{https://qiita.com/TsubasaTakeda/items/bed2856c6bd427268144#%E6%8B%A1%E5%BC%B5%E6%A9%9F%E8%83%BD%E3%82%92%E8%BF%BD%E5%8A%A0}"
  }
@Misc{LaTeXworkshop_README,
  author         = {James-Yu},
howpublished = "\url{https://github.com/James-Yu/LaTeX-Workshop/blob/master/README.md}",
  title          = {LaTeX-Workshop/README.md},}
@Misc{LaTeXworkshop1, 
author="{\verb|Yarakashi_Kikohshi|}",
title  =  "{LaTeX Workshop を使いこなす}",
howpublished = "\url{https://qiita.com/Yarakashi_Kikohshi/items/a9357dd469320ffb65a0}"
  }
@Misc{LaTeXWorkshop2, 
author="{\verb|Yarakashi_Kikohshi|}",
title  =  "{LaTeX Workshop をもう少し使いこなす}",
  howpublished = "\url{https://qiita.com/Yarakashi_Kikohshi/items/1a275f2046b002e398b3}"
  }
@Misc{LaTeXWorkshop3, 
author="{\verb|Yarakashi_Kikohshi|}",
title  =  "{LaTeX Workshop をもっと使いこなす}",
    howpublished = "\url{https://qiita.com/Yarakashi_Kikohshi/items/1f2225c7e28aad498998}"
  }
@Misc{LaTeXWorkshop4, 
author="{\verb|Yarakashi_Kikohshi|}",
title  =  "{Zotero と LaTeX Workshop で bib ファイルを扱いこなす}",
  howpublished = "\url{https://qiita.com/Yarakashi_Kikohshi/items/8f720643543ba175f7cc}"
  }
@Misc{latexworkshopwiki, 
author="{James-Yu}",
title  =  "{home}",
  howpublished = "\url{https://github.com/James-Yu/LaTeX-Workshop/wiki}"
  }
@Misc{latexworkshopシンタックスハイライト, 
author="{\verb|James-Yu|}",
  title  =  "{FAQ and common issues}",
  howpublished = "\url{https://github.com/James-Yu/LaTeX-Workshop/wiki/FAQ#syntax-highlighting-does-not-work-for-most-elements}"
  }
@Misc{LaTeXドキュメント,
  howpublished = "\url{https://lualatexlab.blog.fc2.com/blog-entry-5.html}",
  title          = {【基本】LaTeXマニュアルを参照しよう},
  author         ={lualatexlab}
  }
@Misc{LaTeXの読み方, 
author="{wikipedia}",
howpublished = "\url{https://ja.wikipedia.org/wiki/LaTeX#cite_note-FOOTNOTELamport19905-1}"
}
@Misc{lualatexハイパーリンク, 
  author = "{LuaLaTeX Lab}",
title = "{【基本】LuaLaTeXのPDFを便利にしよう ～hyperrefパッケージほか～}",
howpublished = "\url{https://lualatexlab.blog.fc2.com/blog-entry-43.html}"
  }
@Misc{markdownとは, 
author="{日本markdown ユーザー会}",
howpublished = "\url{https://qiita.com/migawariw/items/1d3ab752f1ef261d6bcb}"
}
@Misc{Myscript,
  howpublished = "\url{https://webdemo.myscript.com/}",
  title          = {Myscript}
  }
@Misc{package, 
author="{\verb|Yarakashi_Kikohshi|}",
title  =  "{LaTeX でいろんなパッケージを usepackage する}",
howpublished = "\url{https://qiita.com/Yarakashi_Kikohshi/items/97f9f920fb23974e0011}"
  }
@Misc{platex,
  author  = "{日記}",
  title="{【Windows】VS Code+pLaTeX（+LuaLaTeX）環境を構築した}",
  howpublished = "\url{https://everykalax.hateblo.jp/entry/2022/12/15/144238}"
  }
@misc{StackOverflow,
    howpublished = {https://stackoverflow.com/},
    title        = {Stack Overflow},
  }
@Misc{SyncTeX, 
author="{TeX Wiki}",
title  =  "{SyncTeX}",
howpublished = "\url{https://texwiki.texjp.org/?SyncTeX}"
}
@Misc{SyncTeX+各種設定, 
author="{\verb|@t_kemmochi|}",
title  =  "{uplatexでSyncTeXするための最低限のVS Code設定}",
  howpublished = "\url{https://qiita.com/t_kemmochi/items/dd38bbf2b823c770d1ec}"
  }
@Misc{SyncTeXTeXwork, 
author="{ 情報科学屋さんを目指す人のメモ}",
title  =  "{PDFをクリックして対応するLaTeXソースにジャンプする方法（TeXworks+SyncTeX）}",
  howpublished = "\url{https://did2memo.net/2015/03/05/latex-pdf-source-jump/}"
  }
@Misc{SyncTeXVSCode, 
author="{TeXフォーラム}",
title  =  "{VS CodeでSyncTeXが使えない}",
  howpublished = "\url{https://okumuralab.org/tex/mod/forum/discuss.php?d=3075&parent=18242}"
  }
@Misc{Tablegenerater, 
author="{Tables Generator}",
howpublished = "\url{https://www.tablesgenerator.com/}"
}
@Misc{tablesgeneratorabout,
  howpublished = "\url{https://www.tablesgenerator.com/about}",
  title          = {tablesgenerator about}
  }
@Misc{TDS, 
  author="{TeX Wiki}",
   title="{TeX のディレクトリ構成 （TDS） }",
  howpublished = "\url{https://texwiki.texjp.org/?TeX%20%E3%81%AE%E3%83%87%E3%82%A3%E3%83%AC%E3%82%AF%E3%83%88%E3%83%AA%E6%A7%8B%E6%88%90}"
  }
@Misc{TeXlive,
  howpublished = "\url{https://texwiki.texjp.org/?TeX%20Live}",
  title          = {TeX wiki}
  }
@Misc{TeXLiveトラブルシューティングlualatex,
  howpublished = "\url{https://qiita.com/alpaca-honke/items/f30a2d04eedaa3c36a21#pdf%E3%83%93%E3%83%A5%E3%83%BC%E3%83%AF%E3%81%AE%E3%82%A4%E3%83%B3%E3%82%B9%E3%83%88%E3%83%BC%E3%83%AB%E8%A8%AD%E5%AE%9A}",
  title          = {[初心者]LaTeXのインストールから使い方までこれ一本！2022版},
  author         = {alpaca-honke(あるかっぱ/アルパカ本家)}
  }
@misc{TeXwiki-home,
    howpublished = {https://okumuralab.org/tex/},
    title        = {TeX Wiki},
  }
@Misc{TeXの発音について, 
author="{三秀舎ブックスラボ}",
howpublished = "\url{http://www.kksanshusha.jp/booklab/archives/1184#footnote_0_1184}"
}
@Misc{TLaTeXのpdf出力,
  howpublished = "\url{https://blog.miz-ar.info/2015/09/latex-hyperref-tips/}",
  title          = {LaTeXでPDF出力する際のTips}
  }
@Misc{UltraMathPreview, 
author="{migawariw}",
  title  =  "{【LaTeX】Ultra Math Previewで数式プレビューを超強化}",
howpublished = "\url{https://qiita.com/migawariw/items/1d3ab752f1ef261d6bcb}"
  }
@Misc{VSCodeショートカットキー, 
author="{12345}",
title  =  "{VS Code の便利なショートカットキー}",
howpublished = "\url{https://qiita.com/12345/items/64f4372fbca041e949d0}"
  }
@Misc{VSCodeの公式ドキュメント, 
author="{visual studio Code}",
howpublished = "\url{https://code.visualstudio.com/docs/sourcecontrol/github#_cloning-a-repository}"
}
@Misc{VSCodeの文字コード, 
author="{JavaDrive}",
howpublished = "\url{https://www.javadrive.jp/vscode/setting/index4.html}"
}
@book{VSCode完全入門,
 title  =  "{Visual Studio Code 完全入門}",
 author="{リブロワークス}",
 publisher      = "{impress}",
 year         ="{2022}"
}
@Misc{VSCode便利機能マルチカーソル, 
author="{\verb|@TomK|}",
title  =  "{VS Codeのマルチカーソル練習帳}",
howpublished = "\url{https://qiita.com/TomK/items/3b1f5be07d708d7bd6c5}"
}
@Misc{wordwrap, 
author="{かわさきしんじ}",
title  =  "{VS Codeでテキストの折り返しを設定するには}",
howpublished = "\url{https://atmarkit.itmedia.co.jp/ait/articles/1807/27/news035.html}"
  }
@Misc{WordでLaTeX,
  howpublished = "\url{https://support.microsoft.com/ja-jp/office/word-%E3%81%A7-unicodemath-%E3%81%8A%E3%82%88%E3%81%B3-latex-%E3%82%92%E4%BD%BF%E7%94%A8%E3%81%97%E3%81%A6%E8%A1%8C%E5%BD%A2%E5%BC%8F%E3%81%AE%E6%95%B0%E5%BC%8F%E3%82%92%E5%85%A5%E5%8A%9B%E3%81%99%E3%82%8B-2e00618d-b1fd-49d8-8cb4-8d17f25754f8}",
  title          = {Word で UnicodeMath および LaTeX を使用して行形式の数式を入力する},
  author         = {Microsoft サポート}  
  }
@Misc{エラーの読み方, 
author="{\verb|@Yarakashi_Kikohshi|}",
title  =  "{エラーと警告を読むゾ}",
    howpublished = "\url{https://qiita.com/Yarakashi_Kikohshi/items/4ede21b06d094ad3b89e#-%E6%AD%A3%E3%81%97%E3%81%8F%E3%83%AD%E3%82%B0%E3%82%92-latex-workshop-%E3%81%AB%E5%BC%95%E3%81%8D%E6%B8%A1%E3%81%99}"
  }
@Misc{エラーメッセージ, 
author="{TeX Wiki}",
title  =  "{LaTeX のエラーメッセージ}",
  howpublished = "\url{https://texwiki.texjp.org/?LaTeX%20%E3%81%AE%E3%82%A8%E3%83%A9%E3%83%BC%E3%83%A1%E3%83%83%E3%82%BB%E3%83%BC%E3%82%B8}"
  }
@Misc{エラーをしながら1, 
  author="{hikozaru1202}",
title  =  "{エラーしながら学ぶVS CodeにLatexを導入1}",
howpublished = "\url{https://qiita.com/hikozaru1202/items/4189bfc52a99b7c32968}"
  }
@Misc{エラーをしながら2, 
  author="{\verb|@hikozaru1202|}",
  title  =  "{エラーしながら学ぶVS CodeにLatexを導入2}",
    howpublished = "\url{https://qiita.com/hikozaru1202/items/befa7ddb6ea1b8920c92}"
    }
@Misc{エラーをしながら3, 
    author="{\verb|@hikozaru1202|}",
    title  =  "{エラーしながら学ぶVS CodeにLatexを導入3}",
      howpublished = "\url{https://qiita.com/hikozaru1202/items/ce4c916f8d763b4006a9#latexmkrc%E3%81%AE%E4%BD%9C%E6%88%90}"
       }
@Misc{キーボードショートカット時間効率,
  howpublished = "\url{https://www.nomura.co.jp/el_borde/article/0010/}",
  title          = {【最速仕事術】効率が24倍アップ！ 「脱マウス」の極意}
  }
@Misc{キーボードショートカット変更方法,
  author         = {今泉大樹},
  howpublished = "\url{https://dev.classmethod.jp/articles/vscode_file_operation_shortcut_setting/}",
  title          = {【小ネタ】極力キーボードから手を離したくないライトvimmerがVSCodeに設定しているショートカット（基本的なファイル操作編）}
  }
@Misc{キーボードショートカット変更方法json,
  author         = {\verb|@|x5dwimpejx},
  howpublished = "\url{https://qiita.com/x5dwimpejx/items/5623ccfae992fcff5510}",
  title          = {VS Codeのキーボードショートカットの変更の設定}
  }
@Misc{コマンドプロンプト, 
  author= "{HP社}",
title="{Windows 10 のコマンドプロンプトとは？その起動方法と使用例を紹介}",
howpublished = "\url{https://jp.ext.hp.com/techdevice/windows10sc/27/}"
}
@Misc{コマンドライン, 
  author = "{Django Girls のチュートリアル}",
title="{コマンドライン（コマンドプロンプト）とその関連について学べるサイト}",
howpublished = "\url{https://tutorial.djangogirls.org/ja/}"}
@Misc{シンタックスハイライト設定, 
author="{Yarakashi-Kikohshi}",
title  =  "{Customize Syntax Highlight for LaTeX Workshop}",
  howpublished = "\url{https://gist.github.com/Yarakashi-Kikohshi/948720cb69d0baafe71e62ec6cb2cb54}"
  }
@Misc{スニペット1,
  author = "{Web備忘録}",
  title  =  "{Web備忘録  VS Code でスニペットを自作する方法（2019）}",
  howpublished = "\url{https://webbibouroku.com/Blog/Article/VS Code-snippets}"
  }
  @Misc{スニペット2,
  author = "{Web備忘録}",
  title = "{VS Codeで自作のスニペットを登録する}",
  howpublished = "\url{https://qiita.com/michawo/items/051da6ce6d9daf9784fb}"
  }
  @Misc{スニペット完全解説, 
  author = "{Web業界で働く人を少しだけ手助けするメディア}",
  title = "{Visual Studio Code ユーザースニペットの使い方まとめ}",
  howpublished = "\url{https://web-guided.com/620/#:~:text=%E3%82%B9%E3%83%8B%E3%83%9A%E3%83%83%E3%83%88%E3%82%92%E5%B1%95%E9%96%8B%E3%81%97%E3%81%9F%E6%99%82%E3%81%AB%E3%80%81%E3%82%AB%E3%83%BC%E3%82%BD%E3%83%AB%E3%82%92%E4%BB%BB%E6%84%8F%E3%81%AE%E4%BD%8D%E7%BD%AE%E3%81%AB%E8%A8%AD%E5%AE%9A%E3%81%99%E3%82%8B%E3%81%93%E3%81%A8%E3%81%8C%E5%87%BA%E6%9D%A5%E3%81%BE%E3%81%99%E3%80%82%20%241%20%E3%82%92%E8%A8%98%E8%BF%B0%E3%81%97%E3%81%9F%E7%AE%87%E6%89%80%E3%81%AB%E3%82%AB%E3%83%BC%E3%82%BD%E3%83%AB%E3%81%8C%E5%87%BA%E7%8F%BE%E3%81%97%E3%80%81%20%242%20%E3%80%81%20%243%20%E3%81%A8%E8%A8%98%E8%BF%B0%E3%82%92%E8%BF%BD%E5%8A%A0%E3%81%97%E3%81%9F%E5%A0%B4%E5%90%88%E3%81%AF%E3%80%81%20%EF%BC%BB、%EF%BC%BD%20%E3%82%AD%E3%83%BC%E3%82%92%E6%8A%BC%E3%81%99%E3%81%93%E3%81%A8%E3%81%A7%E3%80%81%E3%81%9D%E3%82%8C%E3%82%89%E3%81%AE%E4%BD%8D%E7%BD%AE%E3%81%AB%E3%82%AB%E3%83%BC%E3%82%BD%E3%83%AB%E3%81%8C%E7%A7%BB%E5%8B%95%E3%81%97%E3%81%BE%E3%81%99%E3%80%82%20%22body%22%3A%20%5B%20%22console.log%20%28%27%241%27%29%3B%22%2C%20%22%242%22%20%5D}"
}
  @Misc{ソースコード貼り付け, 
  author="{\verb|@ta_b0_|}",
title="{LaTeX にソースコードを【美しく】貼る方法}",
  howpublished = "\url{https://qiita.com/ta_b0_/items/2619d5927492edbb5b03}"
  }

  @Misc{デフォルト設定, 
author="{Yarakashi-Kikohshi}",
title  =  "{なるべくデフォルトのまま使いたい人へ}",
  howpublished = "\url{https://qiita.com/Yarakashi_Kikohshi/items/e9270af54569640fe80f}"
  }
  @Misc{ビルド, 
  author="{IT用語辞典}",
title="{ビルド【build】}",
howpublished = "\url{https://e-words.jp/w/%E3%83%93%E3%83%AB%E3%83%89.html}"
  }

  @Misc{ルートディレクトリ解説, 
  author = "{大橋}",
title="{ルートディレクトリって結局どこ？}",
howpublished = "\url{https://codor.co.jp/django/root-directry}"
}
  @book{一週間基礎, 
author="{明松真司}",
publisher      = "{impress}",
title  =  "{1週間でLaTexの基礎が学べる本 }",
year  =  "{2022}"
}
    @Misc{各種コマンド, 
  author="{KERI's Lab}",
title="{VS Code で TeX を書こう}",
  howpublished = "\url{https://www.kerislab.jp/posts/2019-01-14-VS Code-latex/#:~:text=SyncTex%20%E3%81%A8%E3%81%AF%E3%80%81TeX%20%E3%81%AE%E3%82%BD%E3%83%BC%E3%82%B9%E3%83%95%E3%82%A1%E3%82%A4%E3%83%AB%E3%81%A8%20PDF%20%E3%81%A7%E3%82%AB%E3%83%BC%E3%82%BD%E3%83%AB%E3%81%AE%E4%BD%8D%E7%BD%AE%E3%82%92%E5%90%8C%E6%9C%9F%E3%81%99%E3%82%8B%E6%A9%9F%E8%83%BD%E3%81%A7%E3%81%99%E3%80%82%20VS Code%20%E3%81%AE、PDF%20%E3%83%93%E3%83%A5%E3%83%BC%E3%83%AF%E3%81%AF%20SyncTex%20%E3%81%AB%E5%AF%BE%E5%BF%9C%E3%81%97%E3%81%A6%E3%81%84%E3%82%8B%E3%81%AE%E3%81%A7%E3%80%81TeX%20%E3%83%95%E3%82%A1%E3%82%A4%E3%83%AB%E3%81%A8%20PDF%20%E3%83%95%E3%82%A1%E3%82%A4%E3%83%AB%E3%81%AE%E8%A9%B2%E5%BD%93%E7%AE%87%E6%89%80%E3%82%92%E8%A1%8C%E3%81%8D%E6%9D%A5%E3%81%99%E3%82%8B%E3%81%93%E3%81%A8%E3%81%8C%E3%81%A7%E3%81%8D%E3%81%BE%E3%81%99%E3%80%82}"
  }
   @Misc{完全導入ガイド,
  author       ="{\verb|@passive-radio|}",
  title        = "{ 【大学生向け】LaTeX完全導入ガイド Windows編 （2022年）}",
  howpublished = "\url{https://qiita.com/passive-radio/items/623c9a35e86b6666b89e#4-snippet-%E3%81%AE%E3%82%B9%E3%82%B9%E3%83%A1%E6%96%87%E7%AB%A0%E4%BD%9C%E6%88%90%E3%81%AE%E3%82%82%E3%81%A3%E3%81%A8%E5%8A%B9%E7%8E%87%E5%8C%96}",

}
  @Misc{警告メッセージ, 
author="{TeX Wiki}",
title  =  "{ LaTeX の警告メッセージ}",
  howpublished = "\url{https://texwiki.texjp.org/?LaTeX%20%E3%81%AE%E8%AD%A6%E5%91%8A%E3%83%A1%E3%83%83%E3%82%BB%E3%83%BC%E3%82%B8}"
  }
  @Misc{最高の環境latex,
  author       = "{\verb|@|rainbartown}",
  title        = "{VS Code で最高の LaTeX 環境を作る（2020）}",
  howpublished = "\url{https://qiita.com/rainbartown/items/d7718f12d71e688f3573}"
}
   @Misc{雑多な話題, 
author="{\verb|@t_kemmochi|}",
title  =  "{イマドキのLaTeXの書き方入門}",
  howpublished = "\url{https://qiita.com/t_kemmochi/items/78064daaa3903b7925ab#%E4%BB%98%E9%8C%B2-%E7%92%B0%E5%A2%83%E6%A7%8B%E7%AF%89}"
  }
  @Misc{数式プレビュー, 
author="{\verb|Yarakashi_Kikohshi|}",
title  =  "{LaTeX Workshop の数式プレビューを使いこなす}",
  howpublished = "\url{https://qiita.com/Yarakashi_Kikohshi/items/4570bba51787e47a03c6}"
  }
    @Misc{絶対パス設定ミス例, 
author="{\verb|@yt1114|}",
title  =  "{SyncTex で2時間消費…VS Code で SyncTex を適用するときの注意点}",
  howpublished = "\url{https://qiita.com/yt1114/items/a50c97dafb4d193c0198}"
  }
  @Misc{GitHub2,
    howpublished = "\url{https://github.com/}"
    title          = {GitHub}
  }

  @Misc{GithubCopilot2,
    howpublished = "\url{https://www.sejuku.net/blog/25535}"
    title          = {GithubCopilot+VSCode+LaTeX}
  }



  @book{美文書本,
  author         = "{奥村晴彦}",
  publisher      = "{技術評論社}",
  title          = "{\LaTeX 美文書作成入門}",
  year           = "{2020}"
}
  @book{文書システムLaTeX,
  author         = {Leslie Lamport},
  editor         = {倉沢良一 監訳、大野俊治・小暮博道・藤浦はる美 訳},
  publisher      = {アスキー},
  title          = {文書処理システム \LaTeX},
  year           = {1990}
}
 @Misc{Draw.io,
    howpublished = "\url{https://marketplace.visualstudio.com/items?itemName=hediet.vscode-drawio}"
    title          = {Draw.io Integration}
  }
  @Misc{Mathcha,
    howpublished = "\url{https://www.mathcha.io/}"
    title          = {mathcha.io}
  }
@Misc{Ilovetikz,
    howpublished = "\url{https://hackathon-22spring-13.github.io/client/}"
    title          = {I love tikz}
  }
@Misc{Ilovetikzdep,
    howpublished = "\url{https://trap.jp/post/1623/}"
    title          = {I love tikz deployment}
  }