@book{key,
  author         = {},
  editor         = {},
  publisher      = {},
  title          = {},
  year           = {}
}